@article{jain_biometrics,
	author = {A. K. Jain and A. Ross and S. Prabhakar},
	journal = {IEEE Transactions on Circuits and Systems for Video Technology},
	title = {An introduction to biometric recognition},
	year = {2004},
	volume = {14},
	number = {1},
	pages = {4-20},
	keywords = {authorisation;biometrics (access control);data privacy;face recognition;fingerprint identification;gesture recognition;handwriting recognition;speaker recognition;telecommunication security;behavioral characteristics;biometric recognition;biometrics;face recognition;fingerprint recognition;gait recognition;legitimate user;personal recognition schemes;physiological characteristics;privacy concerns;secure access;signature recognition;voice recognition;Biometrics;Character recognition;Computer science;Databases;Fingerprint recognition;Humans;Law enforcement;Pattern recognition;Privacy;Robustness},
	doi = {10.1109/TCSVT.2003.818349},
	ISSN = {1051-8215},
	month = {Jan},
}

@online{why_python,
	author = {Simba Khadder},
	title = {Why is Python being used for machine learning, data analytics, etc.?},
	year = {2017},
	url = {https://www.quora.com/Why-is-Python-being-used-for-machine-learning-data-analytics-etc},
  	urldate = {2017-08-24},
  	note = {Accessed: 14-12-2017}
}

@online{tensorflow_main_website,
	title = {TensorFlow},
	year = {2017},
	url = {https://www.tensorflow.org/},
  	note = {Accessed: 14-12-2017}
}

@online{iphonex_and_other_uses,
	author = {Clare Garvie},
	title = {Facial recognition is here. The iPhone X is just the beginning},
	year = {2017},
	url = {https://www.theguardian.com/commentisfree/2017/sep/13/facial-recognition-iphone-x-privacy},
  	urldate = {2017-09-13},
  	note = {Accessed: 14-12-2017}
}

@online{theano_main_site,
	title = {Theano},
	year = {2017},
	url = {http://deeplearning.net/software/theano/},
  	note = {Accessed: 20-12-2017}
}

@online{caffe_main_site,
	title = {Caffe},
	year = {2017},
	url = {http://caffe.berkeleyvision.org/},
  	note = {Accessed: 20-12-2017}
}

@online{sup_unsup_learning,
	author = {Debiprasad Ghosh},
	title = {What is the difference between supervised and unsupervised learning algorithms?},
	year = {2016},
	url = {https://www.quora.com/What-is-the-difference-between-supervised-and-unsupervised-learning-algorithms},
  	urldate = {2016-07-02},
  	note = {Accessed: 21-12-2017}
}


@online{intro_ann,
	author = {Ujjwal Karn},
	title = {A Quick Introduction to Neural Networks},
	year = {2016},
	url = {https://ujjwalkarn.me/2016/08/09/quick-intro-neural-networks/},
  	urldate = {2016-08-09},
  	note = {Accessed: 21-12-2017}
}

@online{casia_db,
	title = {CASIA WebFace Database},
	year = {2005},
	url = {http://www.cbsr.ia.ac.cn/english/CASIA-WebFace-Database.html},
  	note = {Accessed: 26-12-2017}
}

@online{widerf_db,
	author = {Yang, Shuo and Luo, Ping and Loy, Chen Change and Tang, Xiaoou},
	title = {WIDER FACE: A Face Detection Benchmark},
	year = {2016},
	url = {http://mmlab.ie.cuhk.edu.hk/projects/WIDERFace/},
  	note = {Accessed: 26-12-2017}
}

@online{lfw_db,
	title = {Labelled Faces in the Wild},
	year = {2017},
	url = {http://vis-www.cs.umass.edu/lfw/},
  	note = {Accessed: 26-12-2017}
}


@online{python_overview,
	title = {Python Overview},
	year = {2017},
	url = {https://www.tutorialspoint.com/python/},
  	note = {Accessed: 28-12-2017}
}


@online{mjpeg_server_base_code,
	title = {Simple Motion-JPEG server in Python},
	year = {2013},
	urldate = {2013-11-02},
	url = {https://gist.github.com/nairteashop/7407932},
  	note = {Accessed: 04-02-2018}
}

@online{mjpeg_format_info,
	title = {Motion JPEG},
	year = {2017},
	urldate = {2017-04-21},
	url = {https://en.wikipedia.org/wiki/Motion\_JPEG},
  	note = {Accessed: 04-02-2018}
}

@book{kevin_p_murphy_book,
 author = {Murphy, Kevin P.},
 title = {Machine Learning: A Probabilistic Perspective},
 year = {2012},
 isbn = {0262018020, 9780262018029},
 publisher = {The MIT Press},
}

@online{pyhton_n_intro_to_ML,
	title = {Practical Machine Learning Tutorial with Python Introduction},
	year = {2016},
	url = {https://pythonprogramming.net/machine-learning-tutorial-python-introduction/},
  	note = {Accessed: 26-02-2018}
}

@inproceedings{huang2016deep,
  title={Deep networks with stochastic depth},
  author={Huang, Gao and Sun, Yu and Liu, Zhuang and Sedra, Daniel and Weinberger, Kilian Q},
  booktitle={European Conference on Computer Vision},
  pages={646--661},
  year={2016},
  organization={Springer}
}

@article{lecun2015deep,
  title={Deep learning},
  author={LeCun, Yann and Bengio, Yoshua and Hinton, Geoffrey},
  journal={nature},
  volume={521},
  number={7553},
  pages={436},
  year={2015},
  publisher={Nature Publishing Group}
}

@incollection{krizhevsky2012deep,
title = {ImageNet Classification with Deep Convolutional Neural Networks},
author = {Alex Krizhevsky and Sutskever, Ilya and Hinton, Geoffrey E},
booktitle = {Advances in Neural Information Processing Systems 25},
editor = {F. Pereira and C. J. C. Burges and L. Bottou and K. Q. Weinberger},
pages = {1097--1105},
year = {2012},
publisher = {Curran Associates, Inc.},
url = {http://papers.nips.cc/paper/4824-imagenet-classification-with-deep-convolutional-neural-networks.pdf}
}

