@article{jain_biometrics,
	author={A. K. Jain and A. Ross and S. Prabhakar},
	journal={IEEE Transactions on Circuits and Systems for Video Technology},
	title={An introduction to biometric recognition},
	year={2004},
	volume={14},
	number={1},
	pages={4-20},
	keywords={authorisation;biometrics (access control);data privacy;face recognition;fingerprint identification;gesture recognition;handwriting recognition;speaker recognition;telecommunication security;behavioral characteristics;biometric recognition;biometrics;face recognition;fingerprint recognition;gait recognition;legitimate user;personal recognition schemes;physiological characteristics;privacy concerns;secure access;signature recognition;voice recognition;Biometrics;Character recognition;Computer science;Databases;Fingerprint recognition;Humans;Law enforcement;Pattern recognition;Privacy;Robustness},
	doi={10.1109/TCSVT.2003.818349},
	ISSN={1051-8215},
	month={Jan},
}